<collection xmlns="http://www.loc.gov/MARC21/slim">
   <record>
      <leader>02335cam a2200373 i 45 0</leader>
      <controlfield tag="001">6774257</controlfield>
      <controlfield tag="005">20140828182439.0</controlfield>
      <controlfield tag="008">140724s2015    mau      b    001 0 eng  </controlfield>
      <datafield ind1=" " ind2=" " tag="010">
         <subfield code="a">  2014029010</subfield>
      </datafield>
      <datafield ind1=" " ind2=" " tag="020">
         <subfield code="a">9781612122083 (pbk. : alk. paper)</subfield>
      </datafield>
      <datafield ind1=" " ind2=" " tag="020">
         <subfield code="a">9781612124643 (hbk. : alk. paper)</subfield>
      </datafield>
      <datafield ind1=" " ind2=" " tag="020">
         <subfield code="z">9781612122090 (ebook)</subfield>
      </datafield>
      <datafield ind1=" " ind2=" " tag="035">
         <subfield code="a">ocn863195085</subfield>
      </datafield>
      <datafield ind1=" " ind2=" " tag="040">
         <subfield code="a">DNAL/DLC</subfield>
         <subfield code="b">eng</subfield>
         <subfield code="e">rda</subfield>
         <subfield code="c">DNAL</subfield>
         <subfield code="d">DLC</subfield>
         <subfield code="d">AOAC</subfield>
      </datafield>
      <datafield ind1=" " ind2=" " tag="042">
         <subfield code="a">pcc</subfield>
      </datafield>
      <datafield ind1="0" ind2="0" tag="050">
         <subfield code="a">SB349</subfield>
         <subfield code="b">.L44 2015</subfield>
      </datafield>
      <datafield ind1="0" ind2=" " tag="070">
         <subfield code="a">SB349</subfield>
         <subfield code="b">.L44 2015</subfield>
      </datafield>
      <datafield ind1="0" ind2="0" tag="082">
         <subfield code="a">635/.642</subfield>
         <subfield code="2">23</subfield>
      </datafield>
      <datafield ind1=" " ind2=" " tag="090">
         <subfield code="a">SB 349 L44 2015</subfield>
         <subfield code="b">AOAC</subfield>
      </datafield>
      <datafield ind1="1" ind2=" " tag="100">
         <subfield code="a">LeHoullier, Craig.</subfield>
         <subfield code="0">http://id.loc.gov/authorities/names/no2014101466</subfield>
         <subfield code="0">http://viaf.org/viaf/309856357</subfield>
      </datafield>
      <datafield ind1="1" ind2="0" tag="245">
         <subfield code="a">Epic tomatoes /</subfield>
         <subfield code="c">by Craig LeHoullier.</subfield>
      </datafield>
      <datafield ind1=" " ind2="1" tag="264">
         <subfield code="a">North Adams, MA :</subfield>
         <subfield code="b">Storey Publishing,</subfield>
         <subfield code="c">2015.</subfield>
      </datafield>
      <datafield ind1=" " ind2=" " tag="300">
         <subfield code="a">255 pages :</subfield>
         <subfield code="b">color illustrations ;</subfield>
         <subfield code="c">28 cm.</subfield>
      </datafield>
      <datafield ind1=" " ind2=" " tag="336">
         <subfield code="a">text</subfield>
         <subfield code="2">rdacontent</subfield>
         <subfield code="0">http://id.loc.gov/vocabulary/contentTypes/txt</subfield>
      </datafield>
      <datafield ind1=" " ind2=" " tag="337">
         <subfield code="a">unmediated</subfield>
         <subfield code="2">rdamedia</subfield>
         <subfield code="0">http://id.loc.gov/vocabulary/mediaTypes/n</subfield>
      </datafield>
      <datafield ind1=" " ind2=" " tag="338">
         <subfield code="a">volume</subfield>
         <subfield code="2">rdacarrier</subfield>
         <subfield code="0">http://id.loc.gov/vocabulary/carriers/nc</subfield>
      </datafield>
      <datafield ind1=" " ind2=" " tag="504">
         <subfield code="a">Includes bibliographical references (pages 233-235) and index.</subfield>
      </datafield>
      <datafield ind1="0" ind2=" " tag="505">
         <subfield code="a">The origins of today's tomato -- Anatomy of a tomato -- Planning and planting -- Growing, maintenance, and care -- Harvest celebration -- Saving for the future -- Breed your own tomatoes -- Q&amp;A -- Troubleshooting guide: diseases, pests, and other issues.</subfield>
      </datafield>
      <datafield ind1=" " ind2=" " tag="520">
         <subfield code="a">Savor your best tomato harvest ever! Craig LeHoullier, tomato adviser for Seed Savers Exchange, offers everything a tomato enthusiast needs to know about growing more than 200 varieties of tomatoes — from sowing seeds and planting to cultivating and collecting seeds at the end of the season. He also offers a comprehensive guide to the various pests and diseases of tomatoes and explains how best to avoid them. No other book offers such a detailed look at the specifics of growing tomatoes, with beautiful photographs and helpful tomato profiles throughout.</subfield>
      </datafield>
      <datafield ind1=" " ind2=" " tag="596">
         <subfield code="a">33</subfield>
      </datafield>
      <datafield ind1=" " ind2="0" tag="650">
         <subfield code="a">Tomatoes.</subfield>
         <subfield code="0">http://id.loc.gov/authorities/subjects/sh85135924</subfield>
      </datafield>
      <datafield ind1=" " ind2=" " tag="758">
         <subfield code="0">http://worldcat.org/entity/work/id/1840457</subfield>
      </datafield>
      <datafield ind1="0" ind2=" " tag="787">
         <subfield code="n">OCLC Work Id</subfield>
         <subfield code="o">http://worldcat.org/entity/work/id/1840457</subfield>
      </datafield>
      <datafield ind1=" " ind2=" " tag="926">
         <subfield code="a">SB 349 L44 2015</subfield>
         <subfield code="w">LC</subfield>
         <subfield code="c">1</subfield>
         <subfield code="i">0164000772271</subfield>
         <subfield code="d">10/21/2016</subfield>
         <subfield code="e">3/17/2015</subfield>
         <subfield code="l">ON_SHELF</subfield>
         <subfield code="m">OLDS</subfield>
         <subfield code="n">2</subfield>
         <subfield code="q">1</subfield>
         <subfield code="r">Y</subfield>
         <subfield code="s">Y</subfield>
         <subfield code="t">BOOK</subfield>
         <subfield code="u">1/12/2015</subfield>
      </datafield>
   </record>
</collection>
